%YAML 1.1
%TAG !u! tag:unity3d.com,2011:
--- !u!1 &1749228931
GameObject:
  m_ObjectHideFlags: 0
  m_CorrespondingSourceObject: {fileID: 0}
  m_PrefabInstance: {fileID: 0}
  m_PrefabAsset: {fileID: 0}
  serializedVersion: 6
  m_Component:
  - component: {fileID: 1749228932}
  - component: {fileID: 1749228933}
  m_Layer: 10
  m_Name: EnemyHitbox
  m_TagString: EnemyHitbox
  m_Icon: {fileID: 0}
  m_NavMeshLayer: 0
  m_StaticEditorFlags: 0
  m_IsActive: 1
--- !u!4 &1749228932
Transform:
  m_ObjectHideFlags: 0
  m_CorrespondingSourceObject: {fileID: 0}
  m_PrefabInstance: {fileID: 0}
  m_PrefabAsset: {fileID: 0}
  m_GameObject: {fileID: 1749228931}
  m_LocalRotation: {x: -0, y: -0, z: -0, w: 1}
  m_LocalPosition: {x: 0.02348121, y: 0.10877327, z: 0}
  m_LocalScale: {x: 0.5870303, y: 0.6042959, z: 0.73378783}
  m_Children: []
  m_Father: {fileID: 8206355780841788750}
  m_RootOrder: 2
  m_LocalEulerAnglesHint: {x: 0, y: 0, z: 0}
--- !u!70 &1749228933
CapsuleCollider2D:
  m_ObjectHideFlags: 0
  m_CorrespondingSourceObject: {fileID: 0}
  m_PrefabInstance: {fileID: 0}
  m_PrefabAsset: {fileID: 0}
  m_GameObject: {fileID: 1749228931}
  m_Enabled: 1
  m_Density: 1
  m_Material: {fileID: 0}
  m_IsTrigger: 1
  m_UsedByEffector: 0
  m_UsedByComposite: 0
  m_Offset: {x: -0.2, y: 0.1}
  m_Size: {x: 1.0000001, y: 0.7}
  m_Direction: 1
--- !u!1 &8206355780841788749
GameObject:
  m_ObjectHideFlags: 0
  m_CorrespondingSourceObject: {fileID: 0}
  m_PrefabInstance: {fileID: 0}
  m_PrefabAsset: {fileID: 0}
  serializedVersion: 6
  m_Component:
  - component: {fileID: 8206355780841788750}
  - component: {fileID: 8206355780841788736}
  - component: {fileID: 8206355780841788751}
  m_Layer: 10
  m_Name: EnemyAnimation
  m_TagString: Untagged
  m_Icon: {fileID: 0}
  m_NavMeshLayer: 0
  m_StaticEditorFlags: 0
  m_IsActive: 1
--- !u!4 &8206355780841788750
Transform:
  m_ObjectHideFlags: 0
  m_CorrespondingSourceObject: {fileID: 0}
  m_PrefabInstance: {fileID: 0}
  m_PrefabAsset: {fileID: 0}
  m_GameObject: {fileID: 8206355780841788749}
  m_LocalRotation: {x: 0, y: 0, z: 0, w: 1}
  m_LocalPosition: {x: -0.04, y: -0.18, z: 0}
  m_LocalScale: {x: 1.7034895, y: 1.6548184, z: 1.3627917}
  m_Children:
  - {fileID: 9192962293817145101}
  - {fileID: 827552451777324972}
  - {fileID: 1749228932}
  m_Father: {fileID: 8206355782842801688}
  m_RootOrder: 0
  m_LocalEulerAnglesHint: {x: 0, y: 0, z: 0}
--- !u!212 &8206355780841788736
SpriteRenderer:
  m_ObjectHideFlags: 0
  m_CorrespondingSourceObject: {fileID: 0}
  m_PrefabInstance: {fileID: 0}
  m_PrefabAsset: {fileID: 0}
  m_GameObject: {fileID: 8206355780841788749}
  m_Enabled: 1
  m_CastShadows: 0
  m_ReceiveShadows: 0
  m_DynamicOccludee: 1
  m_MotionVectors: 1
  m_LightProbeUsage: 1
  m_ReflectionProbeUsage: 1
  m_RayTracingMode: 0
  m_RenderingLayerMask: 1
  m_RendererPriority: 0
  m_Materials:
  - {fileID: 2100000, guid: a97c105638bdf8b4a8650670310a4cd3, type: 2}
  m_StaticBatchInfo:
    firstSubMesh: 0
    subMeshCount: 0
  m_StaticBatchRoot: {fileID: 0}
  m_ProbeAnchor: {fileID: 0}
  m_LightProbeVolumeOverride: {fileID: 0}
  m_ScaleInLightmap: 1
  m_ReceiveGI: 1
  m_PreserveUVs: 0
  m_IgnoreNormalsForChartDetection: 0
  m_ImportantGI: 0
  m_StitchLightmapSeams: 1
  m_SelectedEditorRenderState: 0
  m_MinimumChartSize: 4
  m_AutoUVMaxDistance: 0.5
  m_AutoUVMaxAngle: 89
  m_LightmapParameters: {fileID: 0}
  m_SortingLayerID: -1697828947
  m_SortingLayer: 3
  m_SortingOrder: 4
  m_Sprite: {fileID: 7091347018515216108, guid: 7c8c41dcee444134c98a626179ba19f4,
    type: 3}
  m_Color: {r: 1, g: 1, b: 1, a: 0.83137256}
  m_FlipX: 0
  m_FlipY: 0
  m_DrawMode: 0
  m_Size: {x: 0.49, y: 0.9}
  m_AdaptiveModeThreshold: 0.5
  m_SpriteTileMode: 0
  m_WasSpriteAssigned: 1
  m_MaskInteraction: 0
  m_SpriteSortPoint: 0
--- !u!95 &8206355780841788751
Animator:
  serializedVersion: 3
  m_ObjectHideFlags: 0
  m_CorrespondingSourceObject: {fileID: 0}
  m_PrefabInstance: {fileID: 0}
  m_PrefabAsset: {fileID: 0}
  m_GameObject: {fileID: 8206355780841788749}
  m_Enabled: 1
  m_Avatar: {fileID: 0}
  m_Controller: {fileID: 9100000, guid: 883d8b0e396000642a28eb020cb621b5, type: 2}
  m_CullingMode: 0
  m_UpdateMode: 0
  m_ApplyRootMotion: 0
  m_LinearVelocityBlending: 0
  m_WarningMessage: 
  m_HasTransformHierarchy: 1
  m_AllowConstantClipSamplingOptimization: 1
  m_KeepAnimatorControllerStateOnDisable: 0
--- !u!1 &8206355782842802151
GameObject:
  m_ObjectHideFlags: 0
  m_CorrespondingSourceObject: {fileID: 0}
  m_PrefabInstance: {fileID: 0}
  m_PrefabAsset: {fileID: 0}
  serializedVersion: 6
  m_Component:
  - component: {fileID: 8206355782842801688}
  - component: {fileID: 8206355782842801692}
  - component: {fileID: 27870664}
  - component: {fileID: 674157094171006417}
  - component: {fileID: 5157700936258163998}
  - component: {fileID: 703575500}
  - component: {fileID: 27870663}
  - component: {fileID: 2380102519416591365}
  m_Layer: 10
  m_Name: Zombie
  m_TagString: Enemy
  m_Icon: {fileID: 0}
  m_NavMeshLayer: 0
  m_StaticEditorFlags: 0
  m_IsActive: 1
--- !u!4 &8206355782842801688
Transform:
  m_ObjectHideFlags: 0
  m_CorrespondingSourceObject: {fileID: 0}
  m_PrefabInstance: {fileID: 0}
  m_PrefabAsset: {fileID: 0}
  m_GameObject: {fileID: 8206355782842802151}
  m_LocalRotation: {x: 0, y: 0, z: 0, w: 1}
  m_LocalPosition: {x: -5.958, y: 7.769, z: 1}
  m_LocalScale: {x: 1, y: 1, z: 1}
  m_Children:
  - {fileID: 8206355780841788750}
  - {fileID: 7828443561420979957}
  m_Father: {fileID: 0}
  m_RootOrder: 0
  m_LocalEulerAnglesHint: {x: 0, y: 0, z: 0}
--- !u!58 &8206355782842801692
CircleCollider2D:
  m_ObjectHideFlags: 0
  m_CorrespondingSourceObject: {fileID: 0}
  m_PrefabInstance: {fileID: 0}
  m_PrefabAsset: {fileID: 0}
  m_GameObject: {fileID: 8206355782842802151}
  m_Enabled: 1
  m_Density: 1
  m_Material: {fileID: 6200000, guid: 3c1d08bb842eb5e479c2fa5e92ae4837, type: 2}
  m_IsTrigger: 0
  m_UsedByEffector: 0
  m_UsedByComposite: 0
  m_Offset: {x: -0.12, y: 0}
  serializedVersion: 2
  m_Radius: 0.4
--- !u!50 &27870664
Rigidbody2D:
  serializedVersion: 4
  m_ObjectHideFlags: 0
  m_CorrespondingSourceObject: {fileID: 0}
  m_PrefabInstance: {fileID: 0}
  m_PrefabAsset: {fileID: 0}
  m_GameObject: {fileID: 8206355782842802151}
  m_BodyType: 0
  m_Simulated: 1
  m_UseFullKinematicContacts: 0
  m_UseAutoMass: 0
  m_Mass: 0.5
  m_LinearDrag: 0.5
  m_AngularDrag: 0.05
  m_GravityScale: 0
  m_Material: {fileID: 0}
  m_Interpolate: 0
  m_SleepingMode: 1
  m_CollisionDetection: 0
  m_Constraints: 0
--- !u!114 &674157094171006417
MonoBehaviour:
  m_ObjectHideFlags: 0
  m_CorrespondingSourceObject: {fileID: 0}
  m_PrefabInstance: {fileID: 0}
  m_PrefabAsset: {fileID: 0}
  m_GameObject: {fileID: 8206355782842802151}
  m_Enabled: 1
  m_EditorHideFlags: 0
  m_Script: {fileID: 11500000, guid: 373b52eb9bf8c40f785bb6947a1aee66, type: 3}
  m_Name: 
  m_EditorClassIdentifier: 
  version: 1
  drawGizmos: 1
  detailedGizmos: 0
  startEndModifier:
    addPoints: 0
    exactStartPoint: 3
    exactEndPoint: 3
    useRaycasting: 0
    mask:
      serializedVersion: 2
      m_Bits: 4294967295
    useGraphRaycasting: 0
  traversableTags: -1
  tagPenalties: 0000000000000000000000000000000000000000000000000000000000000000000000000000000000000000000000000000000000000000000000000000000000000000000000000000000000000000000000000000000000000000000000000000000000000000000000000000000000000000000000000000000000000000
  graphMask:
    value: -1
--- !u!114 &5157700936258163998
MonoBehaviour:
  m_ObjectHideFlags: 0
  m_CorrespondingSourceObject: {fileID: 0}
  m_PrefabInstance: {fileID: 0}
  m_PrefabAsset: {fileID: 0}
  m_GameObject: {fileID: 8206355782842802151}
  m_Enabled: 1
  m_EditorHideFlags: 0
  m_Script: {fileID: 11500000, guid: f6eb1402c17e84a9282a7f0f62eb584f, type: 3}
  m_Name: 
  m_EditorClassIdentifier: 
  version: 2
  radius: 1
  height: 1.5
  repathRate: 0.5
  canSearch: 1
  canMove: 1
  maxSpeed: 10
  gravity: {x: 0, y: 0, z: 0}
  groundMask:
    serializedVersion: 2
    m_Bits: 4294967295
  centerOffsetCompatibility: NaN
  orientation: 1
  enableRotation: 1
  targetCompatibility: {fileID: 0}
  maxAcceleration: 7
  rotationSpeed: 360
  slowdownDistance: 0.59
  pickNextWaypointDist: 1
  endReachedDistance: 0.95
  alwaysDrawGizmos: 0
  slowWhenNotFacingTarget: 0
  whenCloseToDestination: 0
  constrainInsideGraph: 0
--- !u!114 &703575500
MonoBehaviour:
  m_ObjectHideFlags: 0
  m_CorrespondingSourceObject: {fileID: 0}
  m_PrefabInstance: {fileID: 0}
  m_PrefabAsset: {fileID: 0}
  m_GameObject: {fileID: 8206355782842802151}
  m_Enabled: 1
  m_EditorHideFlags: 0
  m_Script: {fileID: 11500000, guid: 759aae8c5a96ad547bca2bd948dc9d58, type: 3}
  m_Name: 
  m_EditorClassIdentifier: 
  animator: {fileID: 8206355780841788751}
--- !u!114 &27870663
MonoBehaviour:
  m_ObjectHideFlags: 0
  m_CorrespondingSourceObject: {fileID: 0}
  m_PrefabInstance: {fileID: 0}
  m_PrefabAsset: {fileID: 0}
  m_GameObject: {fileID: 8206355782842802151}
  m_Enabled: 1
  m_EditorHideFlags: 0
  m_Script: {fileID: 11500000, guid: 85ba2a75c5b2ea645bb4ee8543f3eaf5, type: 3}
  m_Name: 
  m_EditorClassIdentifier: 
--- !u!114 &2380102519416591365
MonoBehaviour:
  m_ObjectHideFlags: 0
  m_CorrespondingSourceObject: {fileID: 0}
  m_PrefabInstance: {fileID: 0}
  m_PrefabAsset: {fileID: 0}
  m_GameObject: {fileID: 8206355782842802151}
  m_Enabled: 1
  m_EditorHideFlags: 0
  m_Script: {fileID: 11500000, guid: bdf7675ca53d9894fbe2d07c6df6d40c, type: 3}
  m_Name: 
  m_EditorClassIdentifier: 
  animator: {fileID: 8206355780841788751}
  bloodSplatterEffect: {fileID: 8845025222969516295}
  fatalBloodSplash: {fileID: 6573666213529785866, guid: 330434d53c2ded646b82e2805403c475,
    type: 3}
--- !u!1001 &3312374119638898494
PrefabInstance:
  m_ObjectHideFlags: 0
  serializedVersion: 2
  m_Modification:
    m_TransformParent: {fileID: 8206355780841788750}
    m_Modifications:
    - target: {fileID: 5936901861494874162, guid: d4b3eb89bcdca8e42b3b6497e28ea70b,
        type: 3}
      propertyPath: m_Name
      value: LeftLegTrail
      objectReference: {fileID: 0}
    - target: {fileID: 5936901861494874163, guid: d4b3eb89bcdca8e42b3b6497e28ea70b,
        type: 3}
      propertyPath: m_RootOrder
      value: 0
      objectReference: {fileID: 0}
    - target: {fileID: 5936901861494874163, guid: d4b3eb89bcdca8e42b3b6497e28ea70b,
        type: 3}
      propertyPath: m_LocalPosition.x
      value: -0.244
      objectReference: {fileID: 0}
    - target: {fileID: 5936901861494874163, guid: d4b3eb89bcdca8e42b3b6497e28ea70b,
        type: 3}
      propertyPath: m_LocalPosition.y
      value: -0.063
      objectReference: {fileID: 0}
    - target: {fileID: 5936901861494874163, guid: d4b3eb89bcdca8e42b3b6497e28ea70b,
        type: 3}
      propertyPath: m_LocalPosition.z
      value: 0
      objectReference: {fileID: 0}
    - target: {fileID: 5936901861494874163, guid: d4b3eb89bcdca8e42b3b6497e28ea70b,
        type: 3}
      propertyPath: m_LocalRotation.w
      value: 1
      objectReference: {fileID: 0}
    - target: {fileID: 5936901861494874163, guid: d4b3eb89bcdca8e42b3b6497e28ea70b,
        type: 3}
      propertyPath: m_LocalRotation.x
      value: 0
      objectReference: {fileID: 0}
    - target: {fileID: 5936901861494874163, guid: d4b3eb89bcdca8e42b3b6497e28ea70b,
        type: 3}
      propertyPath: m_LocalRotation.y
      value: 0
      objectReference: {fileID: 0}
    - target: {fileID: 5936901861494874163, guid: d4b3eb89bcdca8e42b3b6497e28ea70b,
        type: 3}
      propertyPath: m_LocalRotation.z
      value: 0
      objectReference: {fileID: 0}
    - target: {fileID: 5936901861494874163, guid: d4b3eb89bcdca8e42b3b6497e28ea70b,
        type: 3}
      propertyPath: m_LocalEulerAnglesHint.x
      value: 0
      objectReference: {fileID: 0}
    - target: {fileID: 5936901861494874163, guid: d4b3eb89bcdca8e42b3b6497e28ea70b,
        type: 3}
      propertyPath: m_LocalEulerAnglesHint.y
      value: 0
      objectReference: {fileID: 0}
    - target: {fileID: 5936901861494874163, guid: d4b3eb89bcdca8e42b3b6497e28ea70b,
        type: 3}
      propertyPath: m_LocalEulerAnglesHint.z
      value: 0
      objectReference: {fileID: 0}
    m_RemovedComponents: []
  m_SourcePrefab: {fileID: 100100000, guid: d4b3eb89bcdca8e42b3b6497e28ea70b, type: 3}
--- !u!4 &9192962293817145101 stripped
Transform:
  m_CorrespondingSourceObject: {fileID: 5936901861494874163, guid: d4b3eb89bcdca8e42b3b6497e28ea70b,
    type: 3}
  m_PrefabInstance: {fileID: 3312374119638898494}
  m_PrefabAsset: {fileID: 0}
--- !u!1001 &6419901453987547039
PrefabInstance:
  m_ObjectHideFlags: 0
  serializedVersion: 2
  m_Modification:
    m_TransformParent: {fileID: 8206355780841788750}
    m_Modifications:
    - target: {fileID: 5936901861494874160, guid: d4b3eb89bcdca8e42b3b6497e28ea70b,
        type: 3}
      propertyPath: m_SortingLayer
      value: 2
      objectReference: {fileID: 0}
    - target: {fileID: 5936901861494874160, guid: d4b3eb89bcdca8e42b3b6497e28ea70b,
        type: 3}
      propertyPath: m_SortingLayerID
      value: -1221405591
      objectReference: {fileID: 0}
    - target: {fileID: 5936901861494874162, guid: d4b3eb89bcdca8e42b3b6497e28ea70b,
        type: 3}
      propertyPath: m_Name
      value: RigthLegTrail
      objectReference: {fileID: 0}
    - target: {fileID: 5936901861494874163, guid: d4b3eb89bcdca8e42b3b6497e28ea70b,
        type: 3}
      propertyPath: m_RootOrder
      value: 1
      objectReference: {fileID: 0}
    - target: {fileID: 5936901861494874163, guid: d4b3eb89bcdca8e42b3b6497e28ea70b,
        type: 3}
      propertyPath: m_LocalPosition.x
      value: 0.185
      objectReference: {fileID: 0}
    - target: {fileID: 5936901861494874163, guid: d4b3eb89bcdca8e42b3b6497e28ea70b,
        type: 3}
      propertyPath: m_LocalPosition.y
      value: -0.441
      objectReference: {fileID: 0}
    - target: {fileID: 5936901861494874163, guid: d4b3eb89bcdca8e42b3b6497e28ea70b,
        type: 3}
      propertyPath: m_LocalPosition.z
      value: 0
      objectReference: {fileID: 0}
    - target: {fileID: 5936901861494874163, guid: d4b3eb89bcdca8e42b3b6497e28ea70b,
        type: 3}
      propertyPath: m_LocalRotation.w
      value: 1
      objectReference: {fileID: 0}
    - target: {fileID: 5936901861494874163, guid: d4b3eb89bcdca8e42b3b6497e28ea70b,
        type: 3}
      propertyPath: m_LocalRotation.x
      value: -0
      objectReference: {fileID: 0}
    - target: {fileID: 5936901861494874163, guid: d4b3eb89bcdca8e42b3b6497e28ea70b,
        type: 3}
      propertyPath: m_LocalRotation.y
      value: -0
      objectReference: {fileID: 0}
    - target: {fileID: 5936901861494874163, guid: d4b3eb89bcdca8e42b3b6497e28ea70b,
        type: 3}
      propertyPath: m_LocalRotation.z
      value: -0
      objectReference: {fileID: 0}
    - target: {fileID: 5936901861494874163, guid: d4b3eb89bcdca8e42b3b6497e28ea70b,
        type: 3}
      propertyPath: m_LocalEulerAnglesHint.x
      value: 0
      objectReference: {fileID: 0}
    - target: {fileID: 5936901861494874163, guid: d4b3eb89bcdca8e42b3b6497e28ea70b,
        type: 3}
      propertyPath: m_LocalEulerAnglesHint.y
      value: 0
      objectReference: {fileID: 0}
    - target: {fileID: 5936901861494874163, guid: d4b3eb89bcdca8e42b3b6497e28ea70b,
        type: 3}
      propertyPath: m_LocalEulerAnglesHint.z
      value: 0
      objectReference: {fileID: 0}
    m_RemovedComponents: []
  m_SourcePrefab: {fileID: 100100000, guid: d4b3eb89bcdca8e42b3b6497e28ea70b, type: 3}
--- !u!4 &827552451777324972 stripped
Transform:
  m_CorrespondingSourceObject: {fileID: 5936901861494874163, guid: d4b3eb89bcdca8e42b3b6497e28ea70b,
    type: 3}
  m_PrefabInstance: {fileID: 6419901453987547039}
  m_PrefabAsset: {fileID: 0}
--- !u!1001 &6916268092864435919
PrefabInstance:
  m_ObjectHideFlags: 0
  serializedVersion: 2
  m_Modification:
    m_TransformParent: {fileID: 8206355782842801688}
    m_Modifications:
    - target: {fileID: 2685362247156004808, guid: 0f7206898d87447449cc43b60831a858,
        type: 3}
      propertyPath: m_Name
      value: BloodSplatter
      objectReference: {fileID: 0}
    - target: {fileID: 3701874087560046650, guid: 0f7206898d87447449cc43b60831a858,
        type: 3}
      propertyPath: m_RootOrder
      value: 1
      objectReference: {fileID: 0}
    - target: {fileID: 3701874087560046650, guid: 0f7206898d87447449cc43b60831a858,
        type: 3}
      propertyPath: m_LocalPosition.x
      value: 0
      objectReference: {fileID: 0}
    - target: {fileID: 3701874087560046650, guid: 0f7206898d87447449cc43b60831a858,
        type: 3}
      propertyPath: m_LocalPosition.y
      value: 0
      objectReference: {fileID: 0}
    - target: {fileID: 3701874087560046650, guid: 0f7206898d87447449cc43b60831a858,
        type: 3}
      propertyPath: m_LocalPosition.z
      value: 0
      objectReference: {fileID: 0}
    - target: {fileID: 3701874087560046650, guid: 0f7206898d87447449cc43b60831a858,
        type: 3}
      propertyPath: m_LocalRotation.w
      value: 1
      objectReference: {fileID: 0}
    - target: {fileID: 3701874087560046650, guid: 0f7206898d87447449cc43b60831a858,
        type: 3}
      propertyPath: m_LocalRotation.x
      value: 0
      objectReference: {fileID: 0}
    - target: {fileID: 3701874087560046650, guid: 0f7206898d87447449cc43b60831a858,
        type: 3}
      propertyPath: m_LocalRotation.y
      value: 0
      objectReference: {fileID: 0}
    - target: {fileID: 3701874087560046650, guid: 0f7206898d87447449cc43b60831a858,
        type: 3}
      propertyPath: m_LocalRotation.z
      value: 0
      objectReference: {fileID: 0}
    - target: {fileID: 3701874087560046650, guid: 0f7206898d87447449cc43b60831a858,
        type: 3}
      propertyPath: m_LocalEulerAnglesHint.x
      value: 0
      objectReference: {fileID: 0}
    - target: {fileID: 3701874087560046650, guid: 0f7206898d87447449cc43b60831a858,
        type: 3}
      propertyPath: m_LocalEulerAnglesHint.y
      value: 0
      objectReference: {fileID: 0}
    - target: {fileID: 3701874087560046650, guid: 0f7206898d87447449cc43b60831a858,
        type: 3}
      propertyPath: m_LocalEulerAnglesHint.z
      value: 0
      objectReference: {fileID: 0}
    - target: {fileID: 7698736514802100717, guid: 0f7206898d87447449cc43b60831a858,
        type: 3}
      propertyPath: m_LocalRotation.w
      value: 0.7071068
      objectReference: {fileID: 0}
    - target: {fileID: 7698736514802100717, guid: 0f7206898d87447449cc43b60831a858,
        type: 3}
      propertyPath: m_LocalRotation.z
      value: 0.7071068
      objectReference: {fileID: 0}
    - target: {fileID: 7698736514802100717, guid: 0f7206898d87447449cc43b60831a858,
        type: 3}
      propertyPath: m_LocalEulerAnglesHint.z
      value: 90
      objectReference: {fileID: 0}
    m_RemovedComponents: []
  m_SourcePrefab: {fileID: 100100000, guid: 0f7206898d87447449cc43b60831a858, type: 3}
--- !u!1 &8845025222969516295 stripped
GameObject:
  m_CorrespondingSourceObject: {fileID: 2685362247156004808, guid: 0f7206898d87447449cc43b60831a858,
    type: 3}
  m_PrefabInstance: {fileID: 6916268092864435919}
  m_PrefabAsset: {fileID: 0}
--- !u!4 &7828443561420979957 stripped
Transform:
  m_CorrespondingSourceObject: {fileID: 3701874087560046650, guid: 0f7206898d87447449cc43b60831a858,
    type: 3}
  m_PrefabInstance: {fileID: 6916268092864435919}
  m_PrefabAsset: {fileID: 0}
